@Book{Nocedal99,
  author =	 {J.~Nocedal and S.~Wright},
  title = 	 {Numerical Optimization},
  publisher = 	 {Springer},
  year = 	 1999,
  series =	 {Springer series in operations research}
}
@BOOK{Wales03,
author = {D. J. Wales}, title = {Energy Landscapes}, 
publisher = {Cambridge University Press}, address = {Cambridge}, year = {2003}
}